<collection xmlns="http://www.loc.gov/MARC21/slim">
<record>
  <leader>02154nam0a2200385 i 450 </leader>
  <controlfield tag="001">IT\ICCU\CNCE\024187</controlfield>
  <controlfield tag="005">20100616000000.0</controlfield>
  <datafield tag="012" ind1=" " ind2=" ">
    <subfield code="a">mero e;to e.re C&apos;Qu (C) 1583 (R)</subfield>
    <subfield code="2">fei</subfield>
  </datafield>
  <datafield tag="100" ind1=" " ind2=" ">
    <subfield code="a">19970729d1583        0itac0103    ba</subfield>
  </datafield>
  <datafield tag="101" ind1=" " ind2=" ">
    <subfield code="a">ITA</subfield>
  </datafield>
  <datafield tag="102" ind1=" " ind2=" ">
    <subfield code="a">IT</subfield>
  </datafield>
  <datafield tag="200" ind1="1" ind2=" ">
    <subfield code="a">℗Il ℗ladro Cacco fauola pastorale del Desioso academico Insipido Senese, nuouamente posta in luce, non meno ridicolosa che piaceuole e sententiosa</subfield>
  </datafield>
  <datafield tag="210" ind1=" " ind2=" ">
    <subfield code="a">In Venetia</subfield>
    <subfield code="c">\Pietro Dusinelli!</subfield>
    <subfield code="c">presso Gio. Battista Ciotti senese</subfield>
    <subfield code="d">1583</subfield>
  </datafield>
  <datafield tag="215" ind1=" " ind2=" ">
    <subfield code="a">\48! c.</subfield>
    <subfield code="d">8ʻ</subfield>
  </datafield>
  <datafield tag="620" ind1=" " ind2=" ">
    <subfield code="a">IT</subfield>
    <subfield code="d">Venezia</subfield>
  </datafield>
  <datafield tag="700" ind1=" " ind2="1">
    <subfield code="a">Tregiani,</subfield>
    <subfield code="b">Domenico</subfield>
    <subfield code="3">IT\ICCU\CNCA\006889</subfield>
  </datafield>
  <datafield tag="712" ind1="0" ind2="0">
    <subfield code="a">Ciotti, Giovanni Battista</subfield>
    <subfield code="3">IT\ICCU\CNCT\000140</subfield>
    <subfield code="4">650</subfield>
  </datafield>
  <datafield tag="712" ind1="0" ind2="0">
    <subfield code="a">Dusinelli, Pietro</subfield>
    <subfield code="3">IT\ICCU\CNCT\000536</subfield>
    <subfield code="4">650</subfield>
  </datafield>
  <datafield tag="790" ind1=" " ind2="0">
    <subfield code="a">Desioso insipido</subfield>
    <subfield code="3">IT\ICCU\CNCA\006890</subfield>
    <subfield code="z">Tregiani, Domenico</subfield>
  </datafield>
  <datafield tag="791" ind1="0" ind2="0">
    <subfield code="a">Ciottus, Ioannes Baptista</subfield>
    <subfield code="3">IT\ICCU\CNCT\004610</subfield>
    <subfield code="z">Ciotti, Giovanni Battista</subfield>
  </datafield>
  <datafield tag="791" ind1="0" ind2="0">
    <subfield code="a">Dusinellus, Petrus</subfield>
    <subfield code="3">IT\ICCU\CNCT\004750</subfield>
    <subfield code="z">Dusinelli, Pietro</subfield>
  </datafield>
  <datafield tag="801" ind1=" " ind2="3">
    <subfield code="a">IT</subfield>
    <subfield code="b">ICCU</subfield>
    <subfield code="c">20201114</subfield>
  </datafield>
  <datafield tag="899" ind1=" " ind2=" ">
    <subfield code="a">Biblioteca della Casa di riposo Lyda Borelli per artisti drammatici. Bologna</subfield>
    <subfield code="1">BO0357</subfield>
    <subfield code="2">UBO LB</subfield>
  </datafield>
  <datafield tag="899" ind1=" " ind2=" ">
    <subfield code="a">Biblioteca Apostolica Vaticana. Citt ̉del Vaticano</subfield>
    <subfield code="1">EX0001</subfield>
    <subfield code="2">ZCV 01</subfield>
  </datafield>
  <datafield tag="899" ind1=" " ind2=" ">
    <subfield code="a">Biblioteca nazionale Braidense. Milano</subfield>
    <subfield code="1">MI0185</subfield>
    <subfield code="2">MIL NB</subfield>
  </datafield>
  <datafield tag="899" ind1=" " ind2=" ">
    <subfield code="a">Biblioteca comunale Forteguerriana. Pistoia</subfield>
    <subfield code="1">PT0025</subfield>
    <subfield code="2">RT1 IE</subfield>
  </datafield>
  <datafield tag="899" ind1=" " ind2=" ">
    <subfield code="a">Biblioteca nazionale centrale. Roma</subfield>
    <subfield code="1">RM0267</subfield>
    <subfield code="2">BVE CR</subfield>
  </datafield>
  <datafield tag="899" ind1=" " ind2=" ">
    <subfield code="a">Biblioteca dell&apos;Accademia nazionale dei Lincei e Corsiniana. Roma</subfield>
    <subfield code="1">RM0418</subfield>
    <subfield code="2">RML 10</subfield>
  </datafield>
  <datafield tag="899" ind1=" " ind2=" ">
    <subfield code="a">Biblioteca nazionale universitaria. Torino</subfield>
    <subfield code="1">TO0265</subfield>
    <subfield code="2">TO0 02</subfield>
  </datafield>
  <datafield tag="899" ind1=" " ind2=" ">
    <subfield code="a">Biblioteca Storica di Ateneo &quot;Arturo Graf&quot;. Torino</subfield>
    <subfield code="1">TO0529</subfield>
    <subfield code="2">UTO 23</subfield>
  </datafield>
  <datafield tag="899" ind1=" " ind2=" ">
    <subfield code="a">British Library. London</subfield>
    <subfield code="1">UK0001</subfield>
  </datafield>
  <datafield tag="899" ind1=" " ind2=" ">
    <subfield code="a">Biblioteca Archivio Museo. Bassano del Grappa</subfield>
    <subfield code="1">VI0005</subfield>
    <subfield code="2">VIA BA</subfield>
  </datafield>
  <datafield tag="899" ind1=" " ind2=" ">
    <subfield code="a">Biblioteca del Seminario vescovile. Verona</subfield>
    <subfield code="1">VR0061</subfield>
    <subfield code="2">PBE 83</subfield>
  </datafield>
  <datafield tag="911" ind1=" " ind2=" ">
    <subfield code="a">sul front.</subfield>
    <subfield code="9">IT\ICCU\CNCM\000271</subfield>
  </datafield>
  <datafield tag="921" ind1=" " ind2=" ">
    <subfield code="a">IT\ICCU\CNCM\000271</subfield>
    <subfield code="b">Fortuna (donna su  nave con vela al vento). A prora Mercurio con caduceo. In cornice figurata</subfield>
    <subfield code="e">In dies arte ac fortuna.</subfield>
    <subfield code="c">Z577</subfield>
    <subfield code="d">Dimensioni: 4,7 x 5,3</subfield>
    <subfield code="f">FORTUNA</subfield>
    <subfield code="f">INDIESARTE</subfield>
    <subfield code="f">MERCURIO</subfield>
    <subfield code="f">NAVE</subfield>
    <subfield code="f">VELA</subfield>
    <subfield code="g">1582-1597</subfield>
  </datafield>
</record>
</collection>
